Automatically generated by Mendeley Desktop 1.19.4
Any changes to this file will be lost if it is regenerated by Mendeley.

BibTeX export options can be customized via Options -> BibTeX in Mendeley Desktop

@article{Yijun2020,
author = {Yijun, L I U and Yuxuan, Zhao and Songmin, G A O and Ya, Wang and Shuailin, H A O},
doi = {10.16791/j.cnki.sjg.2020.08.043},
file = {:home/qirui/Downloads/蛋清溶菌酶分离纯化实验的改进{\_}刘奕君.pdf:pdf},
keywords = {experimental teaching,lysozyme,protein separation and purification,technology},
title = {{Improvement of lysozyme separation and purification of egg white}},
year = {2020}
}
@article{Li-li2017,
author = {Li-li, Zhang and Chen-xi, Li and Yun-kang, Chang},
file = {:home/qirui/Downloads/蛋清溶菌酶的分离纯化及其抑菌活性研究{\_}张黎丽.pdf:pdf},
keywords = {bacteriostatic ring,cation exchange,egg white,isoelectric precipitation,lysozyme,溶菌酶又称胞壁质酶或 n- 乙酰胞壁质聚糖水解},
number = {1},
pages = {3--6},
title = {张黎丽，马梦琳，李晨熙，常允康 * （},
volume = {3},
year = {2017}
}
@phdthesis{Quan2006,
  author      = {权宇彤},
  title       = {溶菌酶的制备与活性检测},
  school      = {吉林大学},
  year        = {2006}
}
